%% This BibTeX bibliography file was created using BibDesk.
%% http://bibdesk.sourceforge.net/


%% Created for Matthias Geissb√ºhler at 2011-03-21 13:46:46 +0100 


%% Saved with string encoding Unicode (UTF-8) 

@misc{wiki:Maslow's_hierarchy_of_needs,
   author = "Wikipedia",
   title = "{Maslow's hierarchy of needs} --- {W}ikipedia{,} The Free Encyclopedia",
   year = "2018",
   howpublished = {\url{http://en.wikipedia.org/w/index.php?title=Maslow's\%20hierarchy\%20of\%20needs&oldid=851163818}},
   note = "[Online; accessed 24-July-2018]"
 }
 
 @article{scikit-learn,
 title={Scikit-learn: Machine Learning in {P}ython},
 author={Pedregosa, F. and Varoquaux, G. and Gramfort, A. and Michel, V.
         and Thirion, B. and Grisel, O. and Blondel, M. and Prettenhofer, P.
         and Weiss, R. and Dubourg, V. and Vanderplas, J. and Passos, A. and
         Cournapeau, D. and Brucher, M. and Perrot, M. and Duchesnay, E.},
 journal={Journal of Machine Learning Research},
 volume={12},
 pages={2825--2830},
 year={2011}
}

@misc{keras:seed-issue-github,
   author = "Keras team Github's issue",
   title = "No reproducible using tensorflow backend",
   howpublished = {\url{https://github.com/keras-team/keras/issues/2280}},
   note = "[Online; accessed June-2018]"
 }
 
 @misc{keras:seed-issue-blog,
   author = "Jason Brownlee",
   title = "Machine Learning Mastery - How to Get Reproducible Results with Keras",
   howpublished = {\url{https://machinelearningmastery.com/reproducible-results-neural-networks-keras/}},
   note = "[Online; accessed June-2018]"
 }